# summer | Holland & Barrett

summer | Holland & Barrett

25% off €40

**00**h **00**m **00**s

Code:HB25

25% off €40

**00**h **00**m **00**s

Code:HB25

Shop now

Redeem instore | T&Cs

Find a storeHelp

☀️ SummerVitamins & SupplementsCBDCollagen & SilicaHair, Skin & NailsShop all Hair, Skin & NailsHair GrowthFunctional MushroomsVitaminsShop all VitaminsMultivitaminsVitamin AVitamin BVitamin CVitamin DVitamin EVitamin KVitamin DrinksMineralsShop all MineralsMagnesiumIronZincCalciumSeleniumChromiumSupplementsShop all SupplementsFibre SupplementsAcidophilus & Friendly BacteriaPeppermint OilGrapeseed ExtractLecithinCollagen & SilicaOmega & Fish OilsPlant Sourced SupplementsSuperfood SupplementsApple CiderRaspberry KetonesAloe VeraChondroitin & MSMCo Enzyme Q10Evening Primrose OilGarlicGlucosamineGlucomannanSeaweed, Kelps and AquaceuticalsDigestive EnzymesCharcoalWomen's HealthShop all Women's HealthMenopauseMenstrual SupportUrinary Tract HealthPregnancy & ConceptionMen's HealthShop all Men's HealthProstate HealthChildren's HealthConditionShop all ConditionCholesterolAllergy & Hay Fever CareAnxiety SupportBone & Muscle HealthMuscle Support & Joint PainBrain & Memory SupportWomen's HealthMen's HealthChildren's HealthCold & Immune SupportFatigueDigestive HealthHair, Skin & NailsHeart & CirculationLiver CareMood SupportSexual HealthSleep & RelaxationStress ReliefVisionHerbal & Licensed RemediesShop all Herbal & Licensed RemediesRescue RemedyAshwagandhaMilk ThistleGinseng & GuaranaHomeopathic & Flower RemediesShop all Homeopathic & Flower RemediesRescue RemedyVegan Vitamins & SupplementsHolland & BarrettVitabioticsSolgarNovominsBetterYouNew NordicBioglanNatures AidWild NutritionApplied NutritionEnd of Summer SaleSave up to 1/2 Price3 For 2 Mix & MatchBuy one get one 1/2 priceBuy 1 Get 1 FreeOutletFree Biotin when you spend €25Better than Half PriceGluten FreeDairy FreeSugar FreeSoya FreeAlcohol FreeSesame Seed FreePalm Oil FreeWheat FreeCelery FreeCereal FreeLion's Mane MushroomApple Cider VinegarReishi MushroomChaga MushroomCollagenAloe VeraCastor OilTea TreeVitamin EMaitake MushroomNew inFood & DrinkVegan Food & DrinkDried Fruit, Nuts & SeedsShop all Dried Fruit, Nuts & SeedsDried FruitNutsSeedsMixesChocolate CoatedManuka HoneyTeas, Coffee & Hot BeveragesShop all Teas, Coffee & Hot BeveragesCoffee & Coffee SubstituteMushroom DrinksTeasMatcha & Green TeaSleep & Relaxation TeaSlimming TeaWomen's Health TeasDrinks & JuicesShop all Drinks & JuicesMultipack DrinksJuices & Health ShotsNatural Energy DrinksKombuchaSoft DrinksWaterAlcohol Free DrinksKefirSuperfoodsShop all SuperfoodsSuperfood PowdersMoringa PowderSpirulinaGoji BerriesBaobabChia SeedsHealthier SnackingShop all Healthier SnackingProtein BarsLow Calorie SnacksChocolate, Cakes & BiscuitsSavoury SnacksSweet SnacksSnack BarsCrisps & ChipsFlapjacksPopcornFood CupboardShop all Food CupboardCondiments & SaucesApple Cider VinegarSuperfoodsBreakfast CerealsHoney, Jams & SpreadsTinned FoodsRice, Pasta, Pulses & GrainsHoney, Jams & SpreadsShop all Honey, Jams & SpreadsManuka HoneyHoneyNut ButtersJams & ChutneysSpreadsPateBreakfast CerealsShop all Breakfast CerealsCereals, Bran & FlakesGranolaMuesliOats & PorridgeBreakfast BarsCookingShop all CookingCooking IngredientsApple Cider VinegarCondiments & SaucesSoya & Meat AlternativeSoup & Ready MealsRice, Pasta, Pulses & GrainsHerbs, Spices & SeasoningGravy & StockHome BakingShop all Home BakingBaking MixesBreadFlourSweeteners & Sugar AlternativesEgg SubstitutesDairy AlternativesShop all Dairy AlternativesOat, Rice & Hemp DrinksSoya DrinksNut DrinksCoconut DrinksNutritionally Complete FoodHolland & BarrettNaturyaNakdPukkaHeath & HeatherManuka DoctorPerfectTedBio & MeGrenadeEgmont HoneyEnd of Summer Sale3 For 2 Mix & MatchSave up to 1/2 PriceBuy one get one 1/2 priceBuy 1 Get 1 FreeMix & Match 2 For €6Better than Half PriceOutletGluten FreeDairy FreeSugar FreeWheat FreeEgg FreeMilk FreeNut FreeSesame Seed FreeSoya FreePeanut FreeApple Cider VinegarLion's Mane MushroomReishi MushroomChaga MushroomNew inSports NutritionProteinShop all ProteinProtein VeganMeal ReplacementsWhey ProteinMass GainersDiet ProteinCaseinSports SupplementsShop all Sports SupplementsSports CollagenBars, Drinks & SnacksShop all Bars, Drinks & SnacksEnergy BarsProtein BarsProtein ShakesProtein SnacksNutritionally Complete FoodMeal Replacement ShakesPre Workout & EnergyShop all Pre Workout & EnergyPre WorkoutAmino Energy PowdersIntra WorkoutKetoPost WorkoutAmino AcidsShop all Amino AcidsBCAAArginineCreatineShop all CreatineCreatine PowderRehydrationShop all RehydrationElectrolytesEnergy GelsVegan Sports NutritionShop all Vegan Sports NutritionVegan ProteinVegan Protein BarsVegan Pre Workout & EnergyVegan Amino AcidsVegan CreatineSports AccessoriesShop all Sports AccessoriesBottles & ShakersFitness GoalShop all Fitness GoalRecoveryMuscle & StrengthLean MuscleEnergy & EnduranceDiet & Weight LossKetoHolland & BarrettApplied NutritionPrecision EngineeredOptimum NutritionMyproteinUSNGrenadeNakdTriActiveSiSEnd of Summer SaleSave up to 1/2 Price3 For 2 Mix & MatchBuy one get one 1/2 priceMix & Match 2 For €72Buy 1 Get 1 FreeOutletIntroductory OfferGluten FreeDairy FreeSugar FreeWheat FreeEgg FreeSoya FreeMilk FreeSesame Seed FreePalm Oil FreeAlcohol FreeVitamin ENew inBeautyNew inCetaphilAveenoDr OrganicFaith in NatureWeledaNaturtintTisserandQ+AMiaromaTrilogyEnd of Summer SaleFree Biotin when you spend €253 For 2 Mix & MatchSave up to 1/2 PriceBuy one get one 1/2 priceBuy 1 Get 1 FreeOutletAlcohol FreeFluoride freeParfum FreeDairy FreeGluten FreeSoya FreeSugar FreeVitamin CTea TreeLavenderAloe VeraHyaluronic AcidRosehipRosemaryVitamin ESalicylic AcidSeaweedAromatherapy & HomeShop all Aromatherapy & HomePure Essential OilsBlended Essential OilsBase & Carrier OilsHolisticSkincareShop all SkincarePremium SkincareFace CareBody CareSun CareTanning & BronzingEye CareLip CareFoot CareHand & Nail CareCBD BeautyWashing & BathingShop all Washing & BathingShampoo & ConditionerBathing AccessoriesShower Gel & Body WashDeodorantDentalHand WashSoapBath Soak & OilBody ScrubBath Bombs & SaltsFeminine CareIncontinence SupportHair CareShop all Hair CareShampoo & ConditionerHair ColouringHair MasksHair Oil & SerumHair Spray, Gel & MousseHair AccessoriesMother & BabyShop all Mother & BabyBaby Skincare & ToiletriesMakeupWeight ManagementSlimming TabletsFat Burners, Binders & Appetite SuppressantsShop all Fat Burners, Binders & Appetite SuppressantsFat BurnersFat BindersAppetite SuppressantsShakes & Weight Management ShotsShop all Shakes & Weight Management ShotsMeal Replacement ShakesDiet Food & DrinkShop all Diet Food & DrinkDiet FoodLow Calorie SnacksSlimming TeaExercise SupportHolland & BarrettOptimum NutritionGrenadeHeath & HeatherPulsinUSNEmilyEat WaterKalloNew NordicEnd of Summer Sale3 For 2 Mix & MatchSave up to 1/2 PriceBuy one get one 1/2 priceMix & Match 2 For €72Buy 1 Get 1 FreeOutletGluten FreeSugar FreeDairy FreeWheat FreeMilk FreeApple Cider VinegarNew inNew InTrendingOffers HubEnd of Summer Sale3 For 2 Mix & MatchSave up to 1/2 PriceFree Biotin when you spend €25Buy one get one 1/2 priceBuy 1 Get 1 FreeOutletMix & Match 2 For €6Mix & Match 2 For €72Better than Half PriceShop all Health & WellnessWomen's HealthMen's HealthImmunityHair & Skin HealthJoints, Bones, & MusclesEnergyGut HealthSleep & RelaxationHolland & BarrettDr OrganicFaith in NatureNaturtintWeledaApplied NutritionQ+AVitabioticsPrecision EngineeredOptimum NutritionEnd of Summer Sale3 For 2 Mix & MatchSave up to 1/2 PriceFree Biotin when you spend €25Buy one get one 1/2 priceBuy 1 Get 1 FreeOutletMix & Match 2 For €72Gluten FreeDairy FreeAlcohol FreeSugar FreeParfum FreeSoya FreeSesame Seed FreeWheat FreeEgg FreePalm Oil FreeVitamin CLavenderTea TreeAloe VeraHyaluronic AcidRosehipApple Cider VinegarVitamin ESeaweedLion's Mane MushroomNew inArticlesAll articlesHealthFood & nutritionGut healthImmunityJoints, bones & musclesWomen's healthWellnessHair & skinMental wellbeingSeasonalSleep & relaxationSports nutritionRecipesAll recipesGluten freeLow sugarVeganDairy freePodcast

Skip to content

P

My H&B

Basket

# summer

406 items

Category

Health & WellnessBeautyVitamins & SupplementsFood & DrinkSports NutritionWeight Management

Brand

Format

Price, €

Type

Sort by: Popular

All filters

Weleda

Skin Food 30ml

(6695)

25% Off

€9.26

€12.35

€30.87/100 ml

Add to basket

Sea Magik

Magnesium + Argan Oil Shampoo 300ml

(20)

Free Biotin when you spend €25

€16.99

€5.66/100 ml

Add to basket

Haymax Ltd

HayMax Kids Pollen Barrier Balm 5ml

(10)

€11.00

€220.00/100 ml

Add to basket

Wild

Sandalwood & Cedar Deodorant Refill 40g

(8)

€7.80

€1.95/10 g

Add to basket

New In

Balmonds

Hair & Scalp Oil 50ml

(80)

33% Off

€13.93

€20.80

€2.79/10 ml

Add to basket

Trilogy

Rosehip Oil Antioxidant+ 30ml

(1)

€34.95

€11.65/10 ml

Add to basket

Vitaskin

Vitamin A Intense Cell Renewal Oil

(48)

3 For 2 Mix & Match

€24.00

€80.00/100 ml

Add to basket

Remedy

Kombucha Ginger Lemon 700ml

(423)

€4.50

€0.64/100 ml

Add to basket

Salt of the Earth

Ocean & Coconut Deodorant Spray Refill 500ml

(7)

33% Off

€24.44

€36.49

€4.89/100 ml

Add to basket

Weleda

Blue Gentian & Edelweiss Contouring Eye & Lip Cream 10ml

(4)

25% Off

€28.46

€37.95

€28.46/10 ml

Add to basket

Vitaskin

Daily Protect SPF 15 Moisturiser

(53)

3 For 2 Mix & Match

€19.99

€33.32/100 ml

Add to basket

Elements

Citronella 20 Incense Sticks

(18)

€3.19

€0.16/1 Stick

Add to basket

Dr Organic

Moroccan Argan Oil Shampoo 265ml

(237)

3 For 2 Mix & Match

€8.99

€3.39/100 ml

Add to basket

Evolve

Radiant Glow 2-In-1 Mask Scrub 60ml

(6)

25% Off

€24.36

€32.49

€4.06/10 ml

Add to basket

Wild

WILD Purple Rain Deodorant Refill 40g

(11)

€7.80

€1.95/10 g

Add to basket

UpCircle

Organic Face Oil with Coffee, Rosehip + Jojoba 30ml

(108)

Free Biotin when you spend €25

€22.09

€7.36/10 ml

Add to basket

Applied Nutrition

Hydration+ Powder Lemon & Lime 240g

(6)

28% Off

€18.00

€24.99

€7.50/100 g

Add to basket

New In

REN

Glycol Lactic Radiance Renewal Mask

(951)

25% Off

€40.95

€54.60

€8.19/10 ml

Add to basket

Tree Hut

Vitamin C Shea Sugar Scrub 510g

(1)

€20.99

€4.12/100 g

Add to basket

New In

Unbeelievable Health

Bee Prepared Daily Defence 30 Capsules

(30)

€18.19

€0.61/1 Capsules

Add to basket

Q+A

Vitamin A.C.E Cleansing Shower Oil 250ml

(120)

€10.99

€4.40/100 ml

Add to basket

Haymax Ltd

Haymax Pure Organic Drug Free Pollen Barrier Balm 5ml

(47)

€11.00

€220.00/100 ml

Add to basket

Dr Organic

Moroccan Argan Oil Hair Treatment Serum 100ml

(237)

Free Biotin when you spend €25

€20.99

€2.10/10 ml

Add to basket

Dr Organic

Pomegranate Deodorant 50ml

(147)

3 For 2 Mix & Match

€8.49

€1.70/10 ml

Add to basket

Vita Coco

Original Coconut Water 330ml

(531)

€2.49

€0.75/100 ml

Add to basket

Weleda

Citrus Fresh Deo Spray 100ml

(89)

25% Off

€12.18

€16.25

€12.18/100 ml

Add to basket

Yfood

Ready-To-Drink-Complete Meal Fruity Peach 500ml

(19)

€4.00

€0.80/100 ml

Add to basket

New In

Nivea

Sun Kids Protect & Care Sun Cream Lotion SPF 50+ 200ml

(232)

Buy 1 Get 1 Free

€11.75

€5.88/100 ml

Add to basket

Tisserand

Lavender Organic Pure Essential Oil 20ml

(125)

3 For 2 Mix & Match

€23.50

€11.75/10 ml

Add to basket

fourfive

Hydro Plus Immune Support 30 Sachets

(8)

27% Off

€28.80

€39.60

€0.96/1 Sachet

Add to basket

New In

Simplee Aloe

Organic Aloe Vera Juice 500ml

(48)

25% Off

€11.61

€15.49

€2.32/100 ml

Add to basket

Wild

WILD Pink Case & Cherry Blossom Starter Pack

(20)

Buy 1 Get 1 Half Price

€16.99

€16.99/1 set

Add to basket

Vita Coco

Extra Coconut Water 330ml

(326)

25% Off

€1.95

€2.60

€0.59/100 ml

Add to basket

Actiph

ActiPH Alkaline Ionised Water 12 x 600ml

(360)

€20.00

€0.28/100 ml

Add to basket

Dr Organic

Vitamin E Lip Balm SPF 15 5.7ml

(131)

3 For 2 Mix & Match

€5.99

€10.51/10 ml

Add to basket

Faith in Nature

Aloe Vera Shampoo 400ml

(22)

3 For 2 Mix & Match

€10.99

€2.75/100 ml

Add to basket

Hunter & Gather

Restore Electrolytes Multipack 30 Sachets

(5)

25% Off

€31.50

€42.00

€1.05/1 Sachet

Add to basket

Q+A

Clarifying Shampoo 250ml

(110)

Free Biotin when you spend €25

€11.60

€4.64/100 ml

Add to basket

New In

Wild

WILD Mint & Aloe Natural Deodorant Refill 40g

(39)

Buy 1 Get 1 Half Price

€7.79

€1.95/10 g

Add to basket

Vitaskin

Vitamin C Gentle Daily Exfoliator

(63)

3 For 2 Mix & Match

€20.99

€13.99/100 ml

Add to basket

121 - 160 of 406 products

Previous pageNext page

Back to top

[](/my-account/rflLanding.jsp)

Join Rewards for Life

Join rewards for life today and we'll give you 300 points worth €3.00

Find out more|Sign In|

[](/info/video-chat/)

Speak to an Advisor

Book your free, one-to-one online consultation with one of our qualified advisors.

[](https://help.hollandandbarrett.com/hc/en-gb)

Help Centre

Need some help with an order or want to speak to a member of our Customer Services team?

[](https://www.hollandandbarrett.com/info/mention-me/)

Refer a friend

Refer a friend and both of you get rewarded! Share the benefits and enjoy exclusive perks
