# summer | Holland & Barrett

summer | Holland & Barrett

25% off €40

**00**h **00**m **00**s

Code:HB25

25% off €40

**00**h **00**m **00**s

Code:HB25

Shop now

Redeem instore | T&Cs

Find a storeHelp

☀️ SummerVitamins & SupplementsCBDCollagen & SilicaHair, Skin & NailsShop all Hair, Skin & NailsHair GrowthFunctional MushroomsVitaminsShop all VitaminsMultivitaminsVitamin AVitamin BVitamin CVitamin DVitamin EVitamin KVitamin DrinksMineralsShop all MineralsMagnesiumIronZincCalciumSeleniumChromiumSupplementsShop all SupplementsFibre SupplementsAcidophilus & Friendly BacteriaPeppermint OilGrapeseed ExtractLecithinCollagen & SilicaOmega & Fish OilsPlant Sourced SupplementsSuperfood SupplementsApple CiderRaspberry KetonesAloe VeraChondroitin & MSMCo Enzyme Q10Evening Primrose OilGarlicGlucosamineGlucomannanSeaweed, Kelps and AquaceuticalsDigestive EnzymesCharcoalWomen's HealthShop all Women's HealthMenopauseMenstrual SupportUrinary Tract HealthPregnancy & ConceptionMen's HealthShop all Men's HealthProstate HealthChildren's HealthConditionShop all ConditionCholesterolAllergy & Hay Fever CareAnxiety SupportBone & Muscle HealthMuscle Support & Joint PainBrain & Memory SupportWomen's HealthMen's HealthChildren's HealthCold & Immune SupportFatigueDigestive HealthHair, Skin & NailsHeart & CirculationLiver CareMood SupportSexual HealthSleep & RelaxationStress ReliefVisionHerbal & Licensed RemediesShop all Herbal & Licensed RemediesRescue RemedyAshwagandhaMilk ThistleGinseng & GuaranaHomeopathic & Flower RemediesShop all Homeopathic & Flower RemediesRescue RemedyVegan Vitamins & SupplementsHolland & BarrettVitabioticsSolgarNovominsBetterYouNew NordicBioglanNatures AidWild NutritionApplied NutritionEnd of Summer SaleSave up to 1/2 Price3 For 2 Mix & MatchBuy one get one 1/2 priceBuy 1 Get 1 FreeOutletFree Biotin when you spend €25Better than Half PriceGluten FreeDairy FreeSugar FreeSoya FreeAlcohol FreeSesame Seed FreePalm Oil FreeWheat FreeCelery FreeCereal FreeLion's Mane MushroomApple Cider VinegarReishi MushroomChaga MushroomCollagenAloe VeraCastor OilTea TreeVitamin EMaitake MushroomNew inFood & DrinkVegan Food & DrinkDried Fruit, Nuts & SeedsShop all Dried Fruit, Nuts & SeedsDried FruitNutsSeedsMixesChocolate CoatedManuka HoneyTeas, Coffee & Hot BeveragesShop all Teas, Coffee & Hot BeveragesCoffee & Coffee SubstituteMushroom DrinksTeasMatcha & Green TeaSleep & Relaxation TeaSlimming TeaWomen's Health TeasDrinks & JuicesShop all Drinks & JuicesMultipack DrinksJuices & Health ShotsNatural Energy DrinksKombuchaSoft DrinksWaterAlcohol Free DrinksKefirSuperfoodsShop all SuperfoodsSuperfood PowdersMoringa PowderSpirulinaGoji BerriesBaobabChia SeedsHealthier SnackingShop all Healthier SnackingProtein BarsLow Calorie SnacksChocolate, Cakes & BiscuitsSavoury SnacksSweet SnacksSnack BarsCrisps & ChipsFlapjacksPopcornFood CupboardShop all Food CupboardCondiments & SaucesApple Cider VinegarSuperfoodsBreakfast CerealsHoney, Jams & SpreadsTinned FoodsRice, Pasta, Pulses & GrainsHoney, Jams & SpreadsShop all Honey, Jams & SpreadsManuka HoneyHoneyNut ButtersJams & ChutneysSpreadsPateBreakfast CerealsShop all Breakfast CerealsCereals, Bran & FlakesGranolaMuesliOats & PorridgeBreakfast BarsCookingShop all CookingCooking IngredientsApple Cider VinegarCondiments & SaucesSoya & Meat AlternativeSoup & Ready MealsRice, Pasta, Pulses & GrainsHerbs, Spices & SeasoningGravy & StockHome BakingShop all Home BakingBaking MixesBreadFlourSweeteners & Sugar AlternativesEgg SubstitutesDairy AlternativesShop all Dairy AlternativesOat, Rice & Hemp DrinksSoya DrinksNut DrinksCoconut DrinksNutritionally Complete FoodHolland & BarrettNaturyaNakdPukkaHeath & HeatherManuka DoctorPerfectTedBio & MeGrenadeEgmont HoneyEnd of Summer Sale3 For 2 Mix & MatchSave up to 1/2 PriceBuy one get one 1/2 priceBuy 1 Get 1 FreeMix & Match 2 For €6Better than Half PriceOutletGluten FreeDairy FreeSugar FreeWheat FreeEgg FreeMilk FreeNut FreeSesame Seed FreeSoya FreePeanut FreeApple Cider VinegarLion's Mane MushroomReishi MushroomChaga MushroomNew inSports NutritionProteinShop all ProteinProtein VeganMeal ReplacementsWhey ProteinMass GainersDiet ProteinCaseinSports SupplementsShop all Sports SupplementsSports CollagenBars, Drinks & SnacksShop all Bars, Drinks & SnacksEnergy BarsProtein BarsProtein ShakesProtein SnacksNutritionally Complete FoodMeal Replacement ShakesPre Workout & EnergyShop all Pre Workout & EnergyPre WorkoutAmino Energy PowdersIntra WorkoutKetoPost WorkoutAmino AcidsShop all Amino AcidsBCAAArginineCreatineShop all CreatineCreatine PowderRehydrationShop all RehydrationElectrolytesEnergy GelsVegan Sports NutritionShop all Vegan Sports NutritionVegan ProteinVegan Protein BarsVegan Pre Workout & EnergyVegan Amino AcidsVegan CreatineSports AccessoriesShop all Sports AccessoriesBottles & ShakersFitness GoalShop all Fitness GoalRecoveryMuscle & StrengthLean MuscleEnergy & EnduranceDiet & Weight LossKetoHolland & BarrettApplied NutritionPrecision EngineeredOptimum NutritionMyproteinUSNGrenadeNakdTriActiveSiSEnd of Summer SaleSave up to 1/2 Price3 For 2 Mix & MatchBuy one get one 1/2 priceMix & Match 2 For €72Buy 1 Get 1 FreeOutletIntroductory OfferGluten FreeDairy FreeSugar FreeWheat FreeEgg FreeSoya FreeMilk FreeSesame Seed FreePalm Oil FreeAlcohol FreeVitamin ENew inBeautyNew inCetaphilAveenoDr OrganicFaith in NatureWeledaNaturtintTisserandQ+AMiaromaTrilogyEnd of Summer SaleFree Biotin when you spend €253 For 2 Mix & MatchSave up to 1/2 PriceBuy one get one 1/2 priceBuy 1 Get 1 FreeOutletAlcohol FreeFluoride freeParfum FreeDairy FreeGluten FreeSoya FreeSugar FreeVitamin CTea TreeLavenderAloe VeraHyaluronic AcidRosehipRosemaryVitamin ESalicylic AcidSeaweedAromatherapy & HomeShop all Aromatherapy & HomePure Essential OilsBlended Essential OilsBase & Carrier OilsHolisticSkincareShop all SkincarePremium SkincareFace CareBody CareSun CareTanning & BronzingEye CareLip CareFoot CareHand & Nail CareCBD BeautyWashing & BathingShop all Washing & BathingShampoo & ConditionerBathing AccessoriesShower Gel & Body WashDeodorantDentalHand WashSoapBath Soak & OilBody ScrubBath Bombs & SaltsFeminine CareIncontinence SupportHair CareShop all Hair CareShampoo & ConditionerHair ColouringHair MasksHair Oil & SerumHair Spray, Gel & MousseHair AccessoriesMother & BabyShop all Mother & BabyBaby Skincare & ToiletriesMakeupWeight ManagementSlimming TabletsFat Burners, Binders & Appetite SuppressantsShop all Fat Burners, Binders & Appetite SuppressantsFat BurnersFat BindersAppetite SuppressantsShakes & Weight Management ShotsShop all Shakes & Weight Management ShotsMeal Replacement ShakesDiet Food & DrinkShop all Diet Food & DrinkDiet FoodLow Calorie SnacksSlimming TeaExercise SupportHolland & BarrettOptimum NutritionGrenadeHeath & HeatherPulsinUSNEmilyEat WaterKalloNew NordicEnd of Summer Sale3 For 2 Mix & MatchSave up to 1/2 PriceBuy one get one 1/2 priceMix & Match 2 For €72Buy 1 Get 1 FreeOutletGluten FreeSugar FreeDairy FreeWheat FreeMilk FreeApple Cider VinegarNew inNew InTrendingOffers HubEnd of Summer Sale3 For 2 Mix & MatchSave up to 1/2 PriceFree Biotin when you spend €25Buy one get one 1/2 priceBuy 1 Get 1 FreeOutletMix & Match 2 For €6Mix & Match 2 For €72Better than Half PriceShop all Health & WellnessWomen's HealthMen's HealthImmunityHair & Skin HealthJoints, Bones, & MusclesEnergyGut HealthSleep & RelaxationHolland & BarrettDr OrganicFaith in NatureNaturtintWeledaApplied NutritionQ+AVitabioticsPrecision EngineeredOptimum NutritionEnd of Summer Sale3 For 2 Mix & MatchSave up to 1/2 PriceFree Biotin when you spend €25Buy one get one 1/2 priceBuy 1 Get 1 FreeOutletMix & Match 2 For €72Gluten FreeDairy FreeAlcohol FreeSugar FreeParfum FreeSoya FreeSesame Seed FreeWheat FreeEgg FreePalm Oil FreeVitamin CLavenderTea TreeAloe VeraHyaluronic AcidRosehipApple Cider VinegarVitamin ESeaweedLion's Mane MushroomNew inArticlesAll articlesHealthFood & nutritionGut healthImmunityJoints, bones & musclesWomen's healthWellnessHair & skinMental wellbeingSeasonalSleep & relaxationSports nutritionRecipesAll recipesGluten freeLow sugarVeganDairy freePodcast

Skip to content

P

My H&B

Basket

# summer

406 items

Category

Health & WellnessBeautyVitamins & SupplementsFood & DrinkSports NutritionWeight Management

Brand

Format

Price, €

Type

Sort by: Popular

All filters

Vitaskin

Vitamin C Anti-Pollution Glow Day Cream

(119)

3 For 2 Mix & Match

€19.99

€33.32/100 ml

Add to basket

Dr Organic

Pure Moroccan Argan Oil 50ml

(232)

3 For 2 Mix & Match

€23.99

€4.80/10 ml

Add to basket

Tree Hut

Watermelon Shea Sugar Scrub 510g

(1)

€20.99

€4.12/100 g

Add to basket

New In

High5

Energy Gel Taster Kit

(37)

€13.00

€13.00/1 Bundle

Add to basket

Yfood

Ready to Drink Complete Meal Happy Banana Drink 500ml

(299)

22% Off

€3.50

€4.50

€0.70/100 ml

Add to basket

Yfood

Ready to Drink Complete Meal Smooth Vanilla Drink 500ml

(228)

22% Off

€3.50

€4.50

€0.70/100 ml

1

Super Facialist

Vitamin C+ Brighten Daily Gentle Micro Polish Wash 125ml

(21)

Free Biotin when you spend €25

€13.00

€10.40/100 ml

Add to basket

Holland & Barrett

Skin, Hair & Nails Formula 30 Tablets

(1145)

3 For 2 Mix & Match

€10.49

€0.35/1 Tablet

Add to basket

Holland & Barrett

High Strength Aloe Vera 10,000mg 90 Tablets

(123)

50% Off

€10.74

€21.49

€0.12/1 Tablet

Add to basket

Zooki

Hydration+ Exercise & Recover, Cherry 30 Sachets

(40)

3 For 2 Mix & Match

€47.99

€1.60/1 Sachet

Add to basket

New In

Nature Spell

Travel Size Rosemary Oil for Hair 50ml

(133)

3 For 2 Mix & Match

€8.00

€1.60/10 ml

Add to basket

Burt's Bees

Best of Burt's Lip Balm 4 Pack

(29)

Free Biotin when you spend €25

€15.59

€3.90/1 Gift Set

Add to basket

Tisserand

Lavender Organic Pure Essential Oil 9ml

(125)

3 For 2 Mix & Match

€14.99

€16.66/10 ml

Add to basket

Holland & Barrett

Cold-Pressed Castor Oil 250ml

(650)

Buy 1 Get 1 Free

€11.99

€4.80/100 ml

Add to basket

Q+A

Niacinamide SPF50 Balancing Daily Facial Sunscreen 50ml

(153)

20% Off

€15.60

€19.50

€3.12/10 ml

Add to basket

Dr Organic

Aloe Vera Body Wash 250ml

(110)

3 For 2 Mix & Match

€10.19

€4.08/100 ml

Add to basket

Wild

WILD Coconut & Vanilla Deodorant Starter Pack

(109)

Buy 1 Get 1 Half Price

€16.90

€169.00/10 g

Add to basket

Vitaskin

Vitamin C Lifting Eye Cream

(54)

3 For 2 Mix & Match

€19.99

€133.27/100 ml

Add to basket

18+

Zooki

Hydration+ Energy & Focus, Peach Flavour 30 Sachets

(40)

3 For 2 Mix & Match

€47.99

€1.60/1 Sachet

Add to basket

New In

Haymax Ltd

HayMax Aloe Vera Organic Drug Free Pollen Barrier Balm 5ml

(22)

Outlet

€11.00

€220.00/100 ml

Add to basket

Online Only Offer

Sea Magik

Pink Salt Shampoo 200g

(64)

Free Biotin when you spend €25

€17.99

€0.90/10 ml

Add to basket

Cetaphil

Pro Redness Prone Skin Tinted Moisturising Day Face Cream SPF 30 50ml

(40)

Free Biotin when you spend €25

€32.00

€6.40/10 ml

Add to basket

New In

Salt of the Earth

- Lavender & Vanilla Natural Deodorant Roll-on 75ml

(125)

33% Off

€6.02

€8.99

€8.03/100 ml

Add to basket

Salt of the Earth

Peppermint & Tea Tree Natural Foot Deodorant Spray 100ml

(27)

33% Off

€6.35

€9.49

€6.35/100 ml

Add to basket

Super Facialist

Vitamin C+ Brighten & Defend Spf50+ Broad Spectrum Serum 50ml

(5)

Free Biotin when you spend €25

€24.00

€4.80/10 ml

Add to basket

New In

Super Facialist

Vitamin C+ Brighten Skin Renew Cleansing Oil 200ml

(22)

Free Biotin when you spend €25

€18.00

€9.00/100 ml

Add to basket

Q+A

Squalane SPF50 Hydrating Daily Facial Sunscreen 50ml

(144)

20% Off

€15.60

€19.50

€3.12/10 ml

Add to basket

Fussy

Refillable Natural Deodorant Tropic Tonic Starter Pack

(25)

€16.90

€16.90/1 set

Add to basket

New In

Vitaskin

Vitamin C Intense Illuminating Oil

(76)

3 For 2 Mix & Match

€22.99

€76.63/100 ml

Add to basket

Hunter & Gather

Restore Electrolytes Unflavoured 30 x 3g Sachet

(4)

25% Off

€31.50

€42.00

€1.05/1 Sachet

Add to basket

New In

Salt of the Earth

Spray Deodorant

(254)

33% Off

€5.35

€7.99

€5.35/100 ml

Add to basket

Salt of the Earth

- Amber & Sandalwood Natural Deodorant Refillable Spray 100ml

(27)

33% Off

€6.35

€9.49

€6.35/100 ml

Add to basket

Dr Organic

Moroccan Argan Oil Conditioner 265ml

(180)

3 For 2 Mix & Match

€9.39

€3.54/100 ml

Add to basket

Salt of the Earth

Peony Blossom Natural Deodorant Spray Refill 500ml

(4)

33% Off

€24.44

€36.49

€4.89/100 ml

Add to basket

Natural Deodorant Co.

The Natural Deodorant Co Active Deodorant Balm Orange & Bergamot 55g

(161)

€16.50

€3.00/10 ml

Add to basket

Weleda

Skin Food Nourishing Day Cream 40ml

(1007)

25% Off

€15.56

€20.75

€3.89/10 ml

Add to basket

Weleda

Skin Food Lip Balm 8ml

(106)

25% Off

€7.57

€10.10

€9.46/10 ml

Add to basket

Wild Nutrition

Natural Glow 60 Capsules

€85.50

€1.43/1 Capsules

Add to basket

New In

Natural Deodorant Co.

The Natural Deodorant Co Clean Deodorant Balm Lemon & Geranium 55g

(149)

€16.50

€3.00/10 ml

Add to basket

Huel

100% Nutritionally Complete Meal Salted Caramel 500ml

(134)

Buy 1 Get 1 Half Price

€4.50

€0.90/100 ml

Add to basket

81 - 120 of 406 products

Previous pageNext page

Back to top

[](/my-account/rflLanding.jsp)

Join Rewards for Life

Join rewards for life today and we'll give you 300 points worth €3.00

Find out more|Sign In|

[](/info/video-chat/)

Speak to an Advisor

Book your free, one-to-one online consultation with one of our qualified advisors.

[](https://help.hollandandbarrett.com/hc/en-gb)

Help Centre

Need some help with an order or want to speak to a member of our Customer Services team?

[](https://www.hollandandbarrett.com/info/mention-me/)

Refer a friend

Refer a friend and both of you get rewarded! Share the benefits and enjoy exclusive perks
