# summer | Holland & Barrett

summer | Holland & Barrett

25% off €40

**00**h **00**m **00**s

Code:HB25

25% off €40

**00**h **00**m **00**s

Code:HB25

Shop now

Redeem instore | T&Cs

Find a storeHelp

☀️ SummerVitamins & SupplementsCBDCollagen & SilicaHair, Skin & NailsShop all Hair, Skin & NailsHair GrowthFunctional MushroomsVitaminsShop all VitaminsMultivitaminsVitamin AVitamin BVitamin CVitamin DVitamin EVitamin KVitamin DrinksMineralsShop all MineralsMagnesiumIronZincCalciumSeleniumChromiumSupplementsShop all SupplementsFibre SupplementsAcidophilus & Friendly BacteriaPeppermint OilGrapeseed ExtractLecithinCollagen & SilicaOmega & Fish OilsPlant Sourced SupplementsSuperfood SupplementsApple CiderRaspberry KetonesAloe VeraChondroitin & MSMCo Enzyme Q10Evening Primrose OilGarlicGlucosamineGlucomannanSeaweed, Kelps and AquaceuticalsDigestive EnzymesCharcoalWomen's HealthShop all Women's HealthMenopauseMenstrual SupportUrinary Tract HealthPregnancy & ConceptionMen's HealthShop all Men's HealthProstate HealthChildren's HealthConditionShop all ConditionCholesterolAllergy & Hay Fever CareAnxiety SupportBone & Muscle HealthMuscle Support & Joint PainBrain & Memory SupportWomen's HealthMen's HealthChildren's HealthCold & Immune SupportFatigueDigestive HealthHair, Skin & NailsHeart & CirculationLiver CareMood SupportSexual HealthSleep & RelaxationStress ReliefVisionHerbal & Licensed RemediesShop all Herbal & Licensed RemediesRescue RemedyAshwagandhaMilk ThistleGinseng & GuaranaHomeopathic & Flower RemediesShop all Homeopathic & Flower RemediesRescue RemedyVegan Vitamins & SupplementsHolland & BarrettVitabioticsSolgarNovominsBetterYouNew NordicBioglanNatures AidWild NutritionApplied NutritionEnd of Summer SaleSave up to 1/2 Price3 For 2 Mix & MatchBuy one get one 1/2 priceBuy 1 Get 1 FreeOutletFree Biotin when you spend €25Better than Half PriceGluten FreeDairy FreeSugar FreeSoya FreeAlcohol FreeSesame Seed FreePalm Oil FreeWheat FreeCelery FreeCereal FreeLion's Mane MushroomApple Cider VinegarReishi MushroomChaga MushroomCollagenAloe VeraCastor OilTea TreeVitamin EMaitake MushroomNew inFood & DrinkVegan Food & DrinkDried Fruit, Nuts & SeedsShop all Dried Fruit, Nuts & SeedsDried FruitNutsSeedsMixesChocolate CoatedManuka HoneyTeas, Coffee & Hot BeveragesShop all Teas, Coffee & Hot BeveragesCoffee & Coffee SubstituteMushroom DrinksTeasMatcha & Green TeaSleep & Relaxation TeaSlimming TeaWomen's Health TeasDrinks & JuicesShop all Drinks & JuicesMultipack DrinksJuices & Health ShotsNatural Energy DrinksKombuchaSoft DrinksWaterAlcohol Free DrinksKefirSuperfoodsShop all SuperfoodsSuperfood PowdersMoringa PowderSpirulinaGoji BerriesBaobabChia SeedsHealthier SnackingShop all Healthier SnackingProtein BarsLow Calorie SnacksChocolate, Cakes & BiscuitsSavoury SnacksSweet SnacksSnack BarsCrisps & ChipsFlapjacksPopcornFood CupboardShop all Food CupboardCondiments & SaucesApple Cider VinegarSuperfoodsBreakfast CerealsHoney, Jams & SpreadsTinned FoodsRice, Pasta, Pulses & GrainsHoney, Jams & SpreadsShop all Honey, Jams & SpreadsManuka HoneyHoneyNut ButtersJams & ChutneysSpreadsPateBreakfast CerealsShop all Breakfast CerealsCereals, Bran & FlakesGranolaMuesliOats & PorridgeBreakfast BarsCookingShop all CookingCooking IngredientsApple Cider VinegarCondiments & SaucesSoya & Meat AlternativeSoup & Ready MealsRice, Pasta, Pulses & GrainsHerbs, Spices & SeasoningGravy & StockHome BakingShop all Home BakingBaking MixesBreadFlourSweeteners & Sugar AlternativesEgg SubstitutesDairy AlternativesShop all Dairy AlternativesOat, Rice & Hemp DrinksSoya DrinksNut DrinksCoconut DrinksNutritionally Complete FoodHolland & BarrettNaturyaNakdPukkaHeath & HeatherManuka DoctorPerfectTedBio & MeGrenadeEgmont HoneyEnd of Summer Sale3 For 2 Mix & MatchSave up to 1/2 PriceBuy one get one 1/2 priceBuy 1 Get 1 FreeMix & Match 2 For €6Better than Half PriceOutletGluten FreeDairy FreeSugar FreeWheat FreeEgg FreeMilk FreeNut FreeSesame Seed FreeSoya FreePeanut FreeApple Cider VinegarLion's Mane MushroomReishi MushroomChaga MushroomNew inSports NutritionProteinShop all ProteinProtein VeganMeal ReplacementsWhey ProteinMass GainersDiet ProteinCaseinSports SupplementsShop all Sports SupplementsSports CollagenBars, Drinks & SnacksShop all Bars, Drinks & SnacksEnergy BarsProtein BarsProtein ShakesProtein SnacksNutritionally Complete FoodMeal Replacement ShakesPre Workout & EnergyShop all Pre Workout & EnergyPre WorkoutAmino Energy PowdersIntra WorkoutKetoPost WorkoutAmino AcidsShop all Amino AcidsBCAAArginineCreatineShop all CreatineCreatine PowderRehydrationShop all RehydrationElectrolytesEnergy GelsVegan Sports NutritionShop all Vegan Sports NutritionVegan ProteinVegan Protein BarsVegan Pre Workout & EnergyVegan Amino AcidsVegan CreatineSports AccessoriesShop all Sports AccessoriesBottles & ShakersFitness GoalShop all Fitness GoalRecoveryMuscle & StrengthLean MuscleEnergy & EnduranceDiet & Weight LossKetoHolland & BarrettApplied NutritionPrecision EngineeredOptimum NutritionMyproteinUSNGrenadeNakdTriActiveSiSEnd of Summer SaleSave up to 1/2 Price3 For 2 Mix & MatchBuy one get one 1/2 priceMix & Match 2 For €72Buy 1 Get 1 FreeOutletIntroductory OfferGluten FreeDairy FreeSugar FreeWheat FreeEgg FreeSoya FreeMilk FreeSesame Seed FreePalm Oil FreeAlcohol FreeVitamin ENew inBeautyNew inCetaphilAveenoDr OrganicFaith in NatureWeledaNaturtintTisserandQ+AMiaromaTrilogyEnd of Summer SaleFree Biotin when you spend €253 For 2 Mix & MatchSave up to 1/2 PriceBuy one get one 1/2 priceBuy 1 Get 1 FreeOutletAlcohol FreeFluoride freeParfum FreeDairy FreeGluten FreeSoya FreeSugar FreeVitamin CTea TreeLavenderAloe VeraHyaluronic AcidRosehipRosemaryVitamin ESalicylic AcidSeaweedAromatherapy & HomeShop all Aromatherapy & HomePure Essential OilsBlended Essential OilsBase & Carrier OilsHolisticSkincareShop all SkincarePremium SkincareFace CareBody CareSun CareTanning & BronzingEye CareLip CareFoot CareHand & Nail CareCBD BeautyWashing & BathingShop all Washing & BathingShampoo & ConditionerBathing AccessoriesShower Gel & Body WashDeodorantDentalHand WashSoapBath Soak & OilBody ScrubBath Bombs & SaltsFeminine CareIncontinence SupportHair CareShop all Hair CareShampoo & ConditionerHair ColouringHair MasksHair Oil & SerumHair Spray, Gel & MousseHair AccessoriesMother & BabyShop all Mother & BabyBaby Skincare & ToiletriesMakeupWeight ManagementSlimming TabletsFat Burners, Binders & Appetite SuppressantsShop all Fat Burners, Binders & Appetite SuppressantsFat BurnersFat BindersAppetite SuppressantsShakes & Weight Management ShotsShop all Shakes & Weight Management ShotsMeal Replacement ShakesDiet Food & DrinkShop all Diet Food & DrinkDiet FoodLow Calorie SnacksSlimming TeaExercise SupportHolland & BarrettOptimum NutritionGrenadeHeath & HeatherPulsinUSNEmilyEat WaterKalloNew NordicEnd of Summer Sale3 For 2 Mix & MatchSave up to 1/2 PriceBuy one get one 1/2 priceMix & Match 2 For €72Buy 1 Get 1 FreeOutletGluten FreeSugar FreeDairy FreeWheat FreeMilk FreeApple Cider VinegarNew inNew InTrendingOffers HubEnd of Summer Sale3 For 2 Mix & MatchSave up to 1/2 PriceFree Biotin when you spend €25Buy one get one 1/2 priceBuy 1 Get 1 FreeOutletMix & Match 2 For €6Mix & Match 2 For €72Better than Half PriceShop all Health & WellnessWomen's HealthMen's HealthImmunityHair & Skin HealthJoints, Bones, & MusclesEnergyGut HealthSleep & RelaxationHolland & BarrettDr OrganicFaith in NatureNaturtintWeledaApplied NutritionQ+AVitabioticsPrecision EngineeredOptimum NutritionEnd of Summer Sale3 For 2 Mix & MatchSave up to 1/2 PriceFree Biotin when you spend €25Buy one get one 1/2 priceBuy 1 Get 1 FreeOutletMix & Match 2 For €72Gluten FreeDairy FreeAlcohol FreeSugar FreeParfum FreeSoya FreeSesame Seed FreeWheat FreeEgg FreePalm Oil FreeVitamin CLavenderTea TreeAloe VeraHyaluronic AcidRosehipApple Cider VinegarVitamin ESeaweedLion's Mane MushroomNew inArticlesAll articlesHealthFood & nutritionGut healthImmunityJoints, bones & musclesWomen's healthWellnessHair & skinMental wellbeingSeasonalSleep & relaxationSports nutritionRecipesAll recipesGluten freeLow sugarVeganDairy freePodcast

Skip to content

P

My H&B

Basket

# Summer Essentials

From SPF to hydration, shop everything you need for a feel-good summer

Collagen

SPF & Sun Protection

Skincare

Hair care

Body care

Hay fever & allergy

Hydration

Hair oils

Deodorants

Clear whey protein

Category

Health & WellnessBeautyVitamins & SupplementsFood & DrinkSports NutritionWeight Management

Brand

Format

Price, €

Type

Sort by: Popular

All filters

Twinings

Superblends Glow 20 Tea Bags

(166)

30% Off

€2.93

€4.19

€0.15/1 Tea Bag

Add to basket

Holland & Barrett

Milk Thistle 100mg 60 Capsules

(561)

Previously Bought

50% Off

€12.49

€24.99

€0.21/1 Capsules

Add to basket

Weleda

Skin Food Nourishing Night Cream 40ml

(634)

25% Off

€15.56

€20.75

€3.89/10 ml

Add to basket

Noughty

Get Set Grow Growth Tonic 75ml

(111)

Free Biotin when you spend €25

€14.30

€19.07/100 ml

Add to basket

New In

Hunter & Gather

Restore Electrolytes Mixed Berry 30 x 5.9g Sachet

(30)

25% Off

€31.50

€42.00

€1.05/1 Sachet

Add to basket

New In

Burt's Bees

Pink Blossom Tinted Lip Balm 4.25g

(34)

3 For 2 Mix & Match

€8.85

€20.82/10 ml

Add to basket

Faith in Nature

Aloe Vera with Ylang Ylang Soap 100g

(189)

3 For 2 Mix & Match

€4.50

€4.50/100 g

Add to basket

Elements

White Sage 20 Incense Sticks

(39)

€3.19

€0.16/1 Stick

Add to basket

Tisserand

Rose Absolute Pure Essential Oil 2ml

(21)

3 For 2 Mix & Match

€33.99

€169.95/10 ml

Add to basket

Yfood

Ready to Drink Complete Meal Fresh Berry Drink 500ml

(296)

Previously Bought

22% Off

€3.50

€4.50

€0.70/100 ml

2

Weleda

Skin Food 75ml

(6695)

25% Off

€15.56

€20.75

€20.75/100 ml

Add to basket

18+

fourfive

Hydro Plus Energy & Focus 30 Sachets

(31)

27% Off

€28.80

€39.60

€0.96/1 Sachet

Add to basket

New In

Weleda

Rosemary Revitalising Hair Tonic 100ml

(474)

25% Off

€15.56

€20.75

€15.56/100 ml

Add to basket

Holland & Barrett

Energy Kombucha 4x 250ml

(283)

40% Off

€4.68

€7.80

€0.47/100 ml

Add to basket

Holland & Barrett

High Strength Effervescent Vit C & Zinc Blackcurrant Flavour 20 Effervescent Tablets

(213)

50% Off

€2.04

€4.08

€0.10/1 Tablet

Add to basket

Nature Spell

Natural Batana Hair Oil 150ml

(11)

Free Biotin when you spend €25

€10.40

€6.93/100 ml

Add to basket

Weleda

Skin Food Body Lotion 200ml

(349)

25% Off

€14.62

€19.50

€7.31/100 ml

Add to basket

Salt of the Earth

Classic Natural Deodorant Crystal 90g

(402)

33% Off

€5.68

€8.49

€6.31/100 g

Add to basket

Nature Spell

Moringa Oil For Hair & Body 150ml

(17)

3 For 2 Mix & Match

€10.40

€6.93/100 ml

Add to basket

Dr Organic

Aloe Vera Toothpaste 100ml

(194)

3 For 2 Mix & Match

€7.79

€0.78/10 ml

Add to basket

Elements

Patchouli 20 Incense Sticks

(13)

€3.19

€0.16/1 Stick

Add to basket

Q+A

Hyaluronic Acid Post-Shower Moisturiser 250ml

(267)

Free Biotin when you spend €25

€10.99

€4.40/100 ml

Add to basket

Salt of the Earth

- Amber & Sandalwood Natural Deodorant Roll-on 75ml

(116)

33% Off

€6.02

€8.99

€0.80/10 ml

Add to basket

Faith in Nature

Aloe Vera Body Wash 400ml

(62)

3 For 2 Mix & Match

€8.79

€2.20/100 ml

Add to basket

Burt's Bees

100% Natural Lip Balm Beeswax 4.25g

(703)

3 For 2 Mix & Match

€6.10

€14.35/10 ml

Add to basket

Salt of the Earth

- Melon & Cucumber Natural Deodorant Roll-on 75ml

(111)

33% Off

€6.02

€8.99

€8.03/100 ml

Add to basket

Fushi

Fresh-Pressed Castor Oil 250ml

(118)

3 For 2 Mix & Match

€12.89

€5.16/100 ml

Add to basket

Burt's Bees

Tinted Lip Balm Red Dahlia

(158)

3 For 2 Mix & Match

€8.85

€20.82/10 ml

Add to basket

Yfood

Ready to Drink Complete Meal Cold Brew Coffee Drink 500ml

(153)

22% Off

€3.50

€4.50

€0.70/100 ml

Add to basket

Q+A

Heat Protect All-In-One Spray 150ml

(116)

Free Biotin when you spend €25

€14.20

€9.47/100 ml

Add to basket

New In

Nature Spell

Rosemary Oil For Hair & Skin 150ml

(439)

3 For 2 Mix & Match

€10.49

€6.99/100 ml

Add to basket

Elements

Stress Relief 20 Incense Sticks

(52)

€3.19

€0.16/1 Stick

Add to basket

Badger

Baby SPF30 Sunscreen 87ml

(34)

3 For 2 Mix & Match

€28.59

€3.29/10 ml

Add to basket

UpCircle

Coffee Body Scrub with Lemongrass 200ml

(18)

€18.99

€9.50/100 ml

Add to basket

Vita Coco

Original Coconut Water 1L

(531)

38% Off

€3.20

€5.19

€0.32/100 ml

Add to basket

Q+A

Salicylic Acid Body Wash 250ml

(169)

€8.49

€3.40/100 ml

Add to basket

Balmonds

Top-To-Toe Spf30 - Natural Sunscreen With Zinc 100ml

(8)

40% Off

€20.70

€34.50

€20.70/100 ml

Add to basket

New In

Wild

WILD Fresh Cotton & Sea Salt Mini Deodorant 16g

(36)

€3.89

€2.43/10 g

Add to basket

Q+A

Superfood Facial Oil - 30ml

(182)

Buy 1 Get 1 Half Price

€11.00

€36.67/100 ml

Add to basket

Weleda

Skin Food Light 30ml

(586)

25% Off

€9.26

€12.35

€30.87/100 ml

Add to basket

1 - 40 of 406 products

Previous page

Next page

Back to top

[](/my-account/rflLanding.jsp)

Join Rewards for Life

Join rewards for life today and we'll give you 300 points worth €3.00

Find out more|Sign In|

[](/info/video-chat/)

Speak to an Advisor

Book your free, one-to-one online consultation with one of our qualified advisors.

[](https://help.hollandandbarrett.com/hc/en-gb)

Help Centre

Need some help with an order or want to speak to a member of our Customer Services team?

[](https://www.hollandandbarrett.com/info/mention-me/)

Refer a friend

Refer a friend and both of you get rewarded! Share the benefits and enjoy exclusive perks
